@book{book:zahlentheorie,
  author    = {Reinhold Remmert and Peter Ullrich},
  title     = {Elementare Zahlentheorie},
  publisher = {Springer},
  year      = 2008,
  isbn      = {978-3-7643-7730-4}
}